@inproceedings{DBLP:conf/nfm/Mehnert11,
  author    = {Hannes Mehnert},
  title     = {Kopitiam: Modular Incremental Interactive Full Functional
               Static Verification of Java Code},
  booktitle = {NASA Formal Methods},
  year      = {2011},
  pages     = {518-524},
  url       = {http://dx.doi.org/10.1007/978-3-642-20398-5_42},
  bibsource = {DBLP, http://dblp.uni-trier.de}
}

@inproceedings{bengtson2012charge,
year={2012},
isbn={978-3-642-32346-1},
booktitle={Interactive Theorem Proving},
doi={10.1007/978-3-642-32347-8_21},
title={Charge! --  A framework for higher-order separation logic in {C}oq},
url={http://dx.doi.org/10.1007/978-3-642-32347-8_21},
author={Bengtson, Jesper and Jensen, Jonas Braband and Birkedal, Lars},
pages={315-331}
}
